% Encoding: UTF-8

@Article{CalibraMiranda,
  author = {Rui Miranda},
  title =  {Interface com computador por Controlo Visual de Cursores},
  year =   {2002},
  url =    {http://paginas.fe.up.pt/~ee97107/Relatorio_de_Projecto_FINAL_PARTE_2.pdf}
}@misc{OpenCVDocs,
  title = {OpenCV Docs},
  year = {(Acessado 21-03-2016)},
  howpublished = "\url{http://docs.opencv.org/2.4/modules/core/doc/basic_structures.html}",
}

@Misc{WikiCalibrate,
  title =        {Chessboard detection},
  howpublished = {https://en.wikipedia.org/wiki/Chessboard_detection},
  month =        {March},
  year =         {2016}
}

@Misc{SAD_Algorithm,
  title = {Sum of absolute differences (SAD)},
  url   = {https://en.wikipedia.org/wiki/Sum_of_absolute_differences},
}

@Misc{docsocv,
  title = {OpenCV Docs},
  url   = {http://docs.opencv.org/2.4/},
}

@Article{stereopaper,
  author = {Heiko Hirschmüller},
  title  = {Stereo Processing by Semi-global Matching and Mutual Information},
  year   = {2011},
}

@Misc{WikiGLCM,
  title = {Co-occurrence matrix},
  url   = {https://en.wikipedia.org/wiki/Co-occurrence_matrix#Application_to_image_analysis},
}

@Misc{WikiTextura,
  title = {Textura},
  url   = {https://pt.wikipedia.org/wiki/Textura#Textura_gr.C3.A1fica},
}

@Misc{GLCMTutorial,
  author = {Mryka Hall-Beyer},
  title  = {The GLCM Tutorial Home Page},
  month  = {feb},
  year   = {2007},
  url    = {http://www.fp.ucalgary.ca/mhallbey/tutorial.htm},
}

@Book{OpcvCook,
  title     = {OpenCV 2 Computer Vision Application Programming Cookbook},
  publisher = {Packt Publishing},
  year      = {2011},
  author    = {Robert Laganière},
}

@book{irwin,
	title =     {Basic Engineering Circuit Analysis},
	author =    {J. David Irwin, Robert M. Nelms},
	publisher = {Wiley},
	isbn =      {111853929X,9781118539293},
	year =      {2015},
	series =    {},
	edition =   {11},
	volume =    {},
	url =       {http://gen.lib.rus.ec/book/index.php?md5=bbf0493ae0255e7 1a8bd71df7477deb9}
}

@Misc{amp_op_ideal,
  author = {Rita Carreira and Pedro Fonseca and Victor da F. Dias},
  title  = {Sebenta Multimédia},
  month  = feb,
  year   = {1999},
  url    = {http://www.ufrgs.br/eng04030/Aulas/teoria/cap\_15/ampopid.htm},
}

@Misc{amp-op-real,
  author = {Clodoaldo Silva},
  title  = {O Amplificador operacional e suas principais config urações},
  month  = oct,
  year   = {2012},
  url    = {http://www.clubedaeletronica.com.br/Eletronica/PDF/Amp-OP\%20I\%20-\%20conceitos\%20basicos.pdf},
}

@Misc{summing_amp,
  author = {Sasmita},
  title  = {Application of OP-Amp as Summing amplifier, Integrator and Differentiator},
  month  = apr,
  year   = {2015},
  url    = {http://electronicspost.com/application-of-op-amp-as-summing-amplifier-integrator-and-differentiator/},
}

@Misc{fundamental-theorem,
  url = {https://en.wikipedia.org/wiki/Fundamental\_theorem\_of \_calculus},
  urldate = {23-11-16}
}

@MISC {laplace-quote,
    TITLE = {Why the Laplace transform of the integral is 1/s?},
    AUTHOR = {Ataraxia (http://math.stackexchange.com/users/35878/ataraxia)},
    HOWPUBLISHED = {Mathematics Stack Exchange},
    NOTE = {URL:http://math.stackexchange.com/q/507872 (version: 2013-09-28)},
    EPRINT = {http://math.stackexchange.com/q/507872},
    URL = {http://math.stackexchange.com/q/507872}
}

@MISC {laplace-integrator,
    TITLE = {Why the Laplace transform of the integral is 1/s?},
    AUTHOR = {FdT (http://math.stackexchange.com/users/97290/fdt)},
    HOWPUBLISHED = {Mathematics Stack Exchange},
    NOTE = {URL:http://math.stackexchange.com/q/507850 (version: 2013-09-28)},
    EPRINT = {http://math.stackexchange.com/q/507850},
    URL = {http://math.stackexchange.com/q/507850}
}

@misc{wiki:RC_time_constant,
   author = "Wikipedia",
   title = "{RC time constant} --- {W}ikipedia{,} The Free Encyclopedia",
   year = "2016",
   howpublished = {\url{http://en.wikipedia.org/w/index.php?title=RC\%20time\%20 constant\&oldid=743009469}},
   note = "[Online; accessed 24-November-2016]",
 }
@Comment{jabref-meta: databaseType:bibtex;}
