% Encoding: UTF-8
@book{cengel,
	title =     {Fluid Mechanics Fundamentals and Applications},
	author =    {Yunus Cengel, John Cimbala},
	publisher = {McGraw-Hill Science/Engineering/Math},
	isbn =      {0073380326,9780073380322},
	year =      {2013},
	series =    {},
	edition =   {3},
	volume =    {},
	url =       {http://gen.lib.rus.ec/book/index.php?md5=37123FD0D67 F744B6E6E3D184DCB5E4C}}

@misc{comsol,
	author = "COMSOL",
	title = "The Finite Element Method (FEM)",
	year = "2016",
	howpublished = {\url{https://br.comsol.com/multiphysics/finite-element-method}},
	note = "[Online; accessed 1-02-2017]",
}